% This file was created with JabRef 2.9.2.
% Encoding: UTF8

@ARTICLE{Anacker2014,
  author = {Anacker, Tony and Friedrich, Joachim},
  title = {{New Accurate Benchmark Energies for Large Water Clusters: {DFT}
	Is Better Than Expected}},
  journal = {Journal of Computational Chemistry},
  year = {2014},
  volume = {35},
  pages = {634--643},
  number = {8},
  month = {Jan},
  doi = {10.1002/jcc.23539},
  issn = {0192-8651},
  owner = {Thomas},
  publisher = {Wiley-Blackwell},
  timestamp = {2015.12.14},
  url = {http://dx.doi.org/10.1002/jcc.23539}
}

@ARTICLE{Barnes1929,
  author = {William Howard Barnes},
  title = {{The Crystal Structure of Ice between 0 degrees C. and - 183 degrees
	C}},
  journal = {Proceedings of the Royal Society of London. Series A, Containing
	Papers of a Mathematical and Physical Character},
  year = {1929},
  volume = {125},
  pages = {670-693},
  number = {799},
  issn = {09501207},
  publisher = {The Royal Society},
  url = {http://www.jstor.org/stable/95286}
}

@ARTICLE{BeckeXDM2007,
  author = {Becke, Axel D. and Johnson, Erin R.},
  title = {{Exchange-hole dipole moment and the dispersion interaction revisited}},
  journal = {J. Chem. Phys.},
  year = {2007},
  volume = {127},
  pages = {154108},
  number = {15},
  doi = {10.1063/1.2795701},
  issn = {0021-9606},
  owner = {Thomas},
  publisher = {AIP Publishing},
  timestamp = {2015.12.14},
  url = {http://dx.doi.org/10.1063/1.2795701}
}

@ARTICLE{CHARMM2009,
  author = {Brooks, B. R. and Brooks, C. L. and Mackerell, A. D. and Nilsson,
	L. and Petrella, R. J. and Roux, B. and Won, Y. and Archontis, G.
	and Bartels, C. and Boresch, S. and et al.},
  title = {{CHARMM: The Biomolecular Simulation Program}},
  journal = {Journal of Computational Chemistry},
  year = {2009},
  volume = {30},
  pages = {1545--1614},
  number = {10},
  month = {Jul},
  __markedentry = {[Thomas:]},
  doi = {10.1002/jcc.21287},
  issn = {1096-987X},
  owner = {Thomas},
  publisher = {Wiley-Blackwell},
  timestamp = {2015.12.15},
  url = {http://dx.doi.org/10.1002/jcc.21287}
}

@ARTICLE{Brorsen2014AnalyticalGradientDFT,
  author = {Brorsen, Kurt R. and Zahariev, Federico and Nakata, Hiroya and Fedorov,
	Dmitri G. and Gordon, Mark S.},
  title = {{Analytic Gradient for Density Functional Theory Based on the Fragment
	Molecular Orbital Method}},
  journal = {Journal of Chemical Theory and Computation},
  year = {2014},
  volume = {10},
  pages = {5297--5307},
  number = {12},
  month = {Dec},
  doi = {10.1021/ct500808p},
  issn = {1549-9626},
  owner = {Thomas},
  publisher = {American Chemical Society (ACS)},
  timestamp = {2015.12.15},
  url = {http://dx.doi.org/10.1021/ct500808p}
}

@ARTICLE{fletcher1966,
  author = {Fletcher, NH},
  title = {{The freezing of water}},
  journal = {Science Progress (Oxford)},
  year = {1966},
  volume = {54},
  pages = {227--241}
}

@ARTICLE{Fletcher1992,
  author = {Fletcher, N. H.},
  title = {{Reconstruction of ice crystal surfaces at low temperatures}},
  journal = {Philosophical Magazine Part B},
  year = {1992},
  volume = {66},
  pages = {109--115},
  number = {1},
  month = {Jul},
  __markedentry = {[Thomas:6]},
  doi = {10.1080/13642819208221298},
  issn = {1463-6417},
  owner = {Thomas},
  publisher = {Informa UK Limited},
  timestamp = {2016.01.07},
  url = {http://dx.doi.org/10.1080/13642819208221298}
}

@ARTICLE{GrimmeB97-D2006,
  author = {Grimme, Stefan},
  title = {{Semiempirical GGA-Type Density Functional Constructed with a Long-Range
	Dispersion Correction}},
  journal = {Journal of Computational Chemistry},
  year = {2006},
  volume = {27},
  pages = {1787--1799},
  number = {15},
  doi = {10.1002/jcc.20495},
  issn = {1096-987X},
  owner = {Thomas},
  publisher = {Wiley-Blackwell},
  timestamp = {2015.12.14},
  url = {http://dx.doi.org/10.1002/jcc.20495}
}

@ARTICLE{GrimmeDCorrection2010,
  author = {Grimme, Stefan and Antony, Jens and Ehrlich, Stephan and Krieg, Helge},
  title = {{A consistent and accurate ab initio parametrization of density functional
	dispersion correction ({DFT}-D) for the 94 elements H-Pu}},
  journal = {J. Chem. Phys.},
  year = {2010},
  volume = {132},
  pages = {154104},
  number = {15},
  doi = {10.1063/1.3382344},
  issn = {0021-9606},
  owner = {Thomas},
  publisher = {AIP Publishing},
  timestamp = {2015.12.14},
  url = {http://dx.doi.org/10.1063/1.3382344}
}

@ARTICLE{GrimmeD32011,
  author = {Grimme, Stefan and Ehrlich, Stephan and Goerigk, Lars},
  title = {{Effect of the damping function in dispersion corrected density functional
	theory}},
  journal = {Journal of Computational Chemistry},
  year = {2011},
  volume = {32},
  pages = {1456--1465},
  number = {7},
  month = {Mar},
  doi = {10.1002/jcc.21759},
  issn = {0192-8651},
  owner = {Thomas},
  publisher = {Wiley-Blackwell},
  timestamp = {2015.12.14},
  url = {http://dx.doi.org/10.1002/jcc.21759}
}

@ARTICLE{HUMP96,
  author = {William Humphrey and Andrew Dalke and Klaus Schulten},
  title = {{VMD} -- {V}isual {M}olecular {D}ynamics},
  journal = {Journal of Molecular Graphics},
  year = {1996},
  volume = {14},
  pages = {33-38},
  owner = {Thomas},
  tbreference = {222},
  tbstatus = {Published.},
  timestamp = {2015.12.15}
}

@ARTICLE{Jorgensen1983TIP3P,
  author = {Jorgensen, William L. and Chandrasekhar, Jayaraman and Madura, Jeffry
	D. and Impey, Roger W. and Klein, Michael L.},
  title = {{Comparison of simple potential functions for simulating liquid water}},
  journal = {J. Chem. Phys.},
  year = {1983},
  volume = {79},
  pages = {926},
  number = {2},
  doi = {10.1063/1.445869},
  issn = {0021-9606},
  owner = {Thomas},
  publisher = {AIP Publishing},
  timestamp = {2015.12.15},
  url = {http://dx.doi.org/10.1063/1.445869}
}

@ARTICLE{Kaestner2009,
  author = {KÃ¤stner, Johannes and Carr, Joanne M. and Keal, Thomas W. and Thiel,
	Walter and Wander, Adrian and Sherwood, Paul},
  title = {{DL-FIND: An Open-Source Geometry Optimizer for Atomistic Simulations}},
  journal = {The Journal of Physical Chemistry A},
  year = {2009},
  volume = {113},
  pages = {11856--11865},
  number = {43},
  month = {Oct},
  doi = {10.1021/jp9028968},
  issn = {1520-5215},
  owner = {Thomas},
  publisher = {American Chemical Society (ACS)},
  timestamp = {2015.09.29},
  url = {http://dx.doi.org/10.1021/jp9028968}
}

@ARTICLE{MacKerell1998CHARMMTIP3,
  author = {MacKerell, A. D. and Bashford, D. and Bellott, M. and Dunbrack, R.
	L. and Evanseck, J. D. and Field, M. J. and Fischer, S. and Gao,
	J. and Guo, H. and Ha, S. and et al.},
  title = {{All-Atom Empirical Potential for Molecular Modeling and Dynamics
	Studies of Proteins}},
  journal = {J. Phys. Chem. B},
  year = {1998},
  volume = {102},
  pages = {3586--3616},
  number = {18},
  month = {Apr},
  doi = {10.1021/jp973084f},
  issn = {1520-5207},
  owner = {Thomas},
  publisher = {American Chemical Society (ACS)},
  timestamp = {2015.12.15},
  url = {http://dx.doi.org/10.1021/jp973084f}
}

@ARTICLE{Price2004TIP3PCorrected,
  author = {Price, Daniel J. and Brooks, Charles L.},
  title = {{A modified TIP3P water potential for simulation with Ewald summation}},
  journal = {J. Chem. Phys.},
  year = {2004},
  volume = {121},
  pages = {10096},
  number = {20},
  doi = {10.1063/1.1808117},
  issn = {0021-9606},
  owner = {Thomas},
  publisher = {AIP Publishing},
  timestamp = {2015.12.15},
  url = {http://dx.doi.org/10.1063/1.1808117}
}

@ARTICLE{Warshel1976QMMM,
  author = {Warshel, A. and Levitt, M.},
  title = {{Theoretical Studies of Enzymic Reactions: Dielectric, Electrostatic
	and Steric Stabilization of the Carbonium Ion in the Reaction of
	Lysozyme}},
  journal = {Journal of Molecular Biology},
  year = {1976},
  volume = {103},
  pages = {227--249},
  number = {2},
  month = {May},
  doi = {10.1016/0022-2836(76)90311-9},
  issn = {0022-2836},
  owner = {Thomas},
  publisher = {Elsevier BV},
  timestamp = {2015.12.15},
  url = {http://dx.doi.org/10.1016/0022-2836(76)90311-9}
}

@MISC{MOLPRO_brief,
  author = {H.-J. Werner and P. J. Knowles and G. Knizia and F. R. Manby and
	M. {Sch\"{u}tz} and others
	
	},
  title = {MOLPRO, version 2012.1, a package of ab initio programs},
  year = {2012},
  note = {see } # molpro_url,
  address = molpro_address,
  owner = {Thomas},
  timestamp = {2015.12.15}
}

@MISC{chemshell,
  title = {ChemShell, a Computational Chemistry Shell, see www.chemshell.org},
  owner = {Thomas},
  timestamp = {2015.09.29}
}

@MISC{TURBOMOLE,
  title = {{TURBOMOLE V6.6 2014}, a development of {University of Karlsruhe}
	and {Forschungszentrum Karlsruhe GmbH}, 1989-2007, {TURBOMOLE GmbH},
	since 2007; available from \\ {\tt http://www.turbomole.com}.},
  owner = {Thomas},
  timestamp = {2015.12.15}
}

