@string{JPCRD="J. Phys. Chem. Ref. Data"}
@string{MolPhys="Mol. Phys."}
@string{PhysRev="Phys. Rev."}
@string{IJQC="Int. J. Quantum. Chem."}
@string{JChemPhys="J. Chem. Phys."}
@string{ChemPhysLett="Chem. Phys. Lett."}
@string{QRevChemSoc="Q. Rev. Chem. Soc."}
@string{PPhysSocLondA="P. Phys. Soc. Lond. A"}
@string{PPhysSocLondB="P. Phys. Soc. Lond. B"}
@string{TFaradaySoc="T. Faraday Soc."}
@string{ChemPhys="Chem. Phys."}
