@string{JPCRD="J. Phys. Chem. Ref. Data"}
@string{MolPhys="Mol. Phys."}
@string{PhysRev="Phys. Rev."}
@string{IJQC="Int. J. Quantum. Chem."}
@string{JChemPhys="J. Chem. Phys."}
@string{ChemPhysLett="Chem. Phys. Lett."}
@string{QRevChemSoc="Q. Rev. Chem. Soc."}
@string{PPhysSocLondA="P. Phys. Soc. Lond. A"}
@string{PPhysSocLondB="P. Phys. Soc. Lond. B"}
@string{TFaradaySoc="T. Faraday Soc."}
@string{ChemPhys="Chem. Phys."}


%SHORT:
@string{ActaCryst="Acta Crystallogr. Sect. A"}
@string{JChemPhys="J. Chem. Phys"}
@string{JCompChem="J. Comput. Chem."}
@string{ProcRSocA="Proc. R. Soc. A"}
@string{PhysRevA="Phys. Rev. A"}  %% ?
% @string{PhysRevA="Phys. Rev. A At. Mol. Opt. Phys."}  % Ist eigentlich ISO
% @string{ApJ="Astrophys. J."}
@string{ApJ="ApJ"}
@string{ApJS="ApJS"}
@string{JPhysChem="J. Phys. Chem."}
@string{JPhysChemA="J. Phys. Chem. A"}
@string{JPhysChemB="J. Phys. Chem. B"}
% @string{AnnuRevAstronAstrophys="Annu. Rev. Astron. Astrophys."}
@string{AnnuRevAstronAstrophys="ARA&A"}
@string{JChemTheoryComput="J. Chem. Theory Comput."}
@string{SurfSciRep="Surf. Sci. Rep."}
@string{ChemRev="Chem. Rev."}
@string{RevModPhys="Rev. Mod. Phys."}
@string{PhilosMagPartB="Philos. Mag. Part B"}
% @string{MonNotRAstronSoc="Mon. Not. R. Astron. Soc."}
@string{MonNotRAstronSoc="MNRAS"}
@string{PhysChemChemPhys="Phys. Chem. Chem. Phys."}
@string{PhysRev="Phys. Rev."}
@string{PhysRevA="Phys. Rev. A"}
@string{PhysRevB="Phys. Rev. B"}
@string{JMolGraphics="J. Mol. Graphics"}
@string{PureApplChem="Pure Appl. Chem."}
@string{IntJQuantumChem="Int. J. Quantum Chem."}
%@string{AstronAstrophys="Astron. Astrophys."}
@string{AstronAstrophys="A&A"}
@string{MathProg="Math. Prog."}
@string{WIREComputMolSci="Wiley Interdiscip. Rev.: Comput. Mol. Sci."}
@string{PhysRevLett="Phys. Rev. Lett."}
@string{ChemPhysLett="Chem. Phys. Lett."}
@string{JMaterChem="J. Mater. Chem."}
@string{PASP="PASP"}
%@string{PASP="Publ. Astron. Soc. Pac."}
@string{ComputPhysComm="Comput. Phys. Comm."}
@string{JMolBiol="J. Mol. Biol."}
@string{TheorChemAcc="Theor. Chem. Acc."}
@string{TheorChimActa="Theor. Chim. Acta"}

%LONG:
% @string{ActaCryst="Acta Crystallographica Section A"}
% @string{JChemPhys="The Journal of Chemical Physics"}
% @string{JCompChem="Journal of Computational Chemistry"}
% @string{ProcRSocA="Proceedings of the Royal Society of London. Series A, Containing Papers of a Mathematical and Physical Character"}
% @string{PhysRevA="Physical Review A"}
% @string{ApJ="The Astrophysical Journal"}
% @string{ApJS="The Astrophysical Journal Supplement Series"}
% @string{JPhysChem="The Journal of Physical Chemistry"}
% @string{JPhysChemA="The Journal of Physical Chemistry A"}
% @string{JPhysChemB="The Journal of Physical Chemistry B"}
% @string{AnnuRevAstronAstrophys="Annual Review of Astronomy and Astrophysics"}
% @string{JChemTheoryComput="Journal of Chemical Theory and Computation"}
% @string{SurfSciRep="Surface Science Reports"}
% @string{ChemRev="Chemical Reviews"}
% @string{RevModPhys="Reviews of Modern Physics"}
% @string{PhilosMagPartB="Philosophical Magazine Part B"}
% @string{MonNotRAstronSoc="Monthly Notices of the Royal Astronomical Society"}
% @string{PhysChemChemPhys="Physical Chemistry Chemical Physics"}
% @string{PhysRev="Physical Review"}
% @string{PhysRevA="Physical Review A"}
% @string{PhysRevB="Physical Review B"}
% @string{JMolGraphics="Journal of Molecular Graphics"}
% @string{PureApplChem="Pure and Applied Chemistry"}
% @string{IntJQuantumChem="International Journal of Quantum Chemistry"}
% @string{AstronAstrophys="Astronomy and Astrophysics"}
% @string{MathProg="Mathematical Programming"}
% @string{WIREComputMolSci="Wiley Interdisciplinary Reviews: Computational Molecular Science"}
% @string{PhysRevLett="Physical Review Letters"}
% @string{ChemPhysLett="Chemical Physics Letters"}
% @string{JMaterChem="Journal of Materials Chemistry"}
% @string{PASP="Publications of the Astronomical Society of the Pacific"}
% @string{ComputPhysComm="Computer Physics Communications"}
% @string{JMolBiol="Journal of Molecular Biology"}
% @string{TheorChemAcc="Theoretical Chemistry Accounts"}
% @string{TheorChimActa="Theoretical Chimica Acta"}